@article{jacot2018neural,
  title={Neural tangent kernel: Convergence and generalization in neural networks},
  author={Jacot, Arthur and Gabriel, Franck and Hongler, Cl{\'e}ment},
  journal={Advances in neural information processing systems},
  volume={31},
  year={2018}
}

@inproceedings{rafailov2023direct,
  title     = {Direct Preference Optimization: Your Language Model is Secretly a Reward Model},
  author    = {Rafael Rafailov and Archit Sharma and Eric Mitchell and Christopher D Manning and Stefano Ermon and Chelsea Finn},
  booktitle = {Thirty-seventh Conference on Neural Information Processing Systems},
  year      = {2023},
  url       = {https://openreview.net/forum?id=HPuSIXJaa9}
}